@inproceedings{bateman2017heterogeneous,
   author = {Bateman, John and Beetz, Michael and Be{\ss}ler, Daniel and Bozcuoglu, Asil Kaan and Pomarlan, Mihai},
   title = {Heterogeneous Ontologies and Hybrid Reasoning for Service Robotics: The EASE Framework},
   booktitle = {Third Iberian Robotics Conference},
   series = {ROBOT '17},
   year = {2017},
   address = {Sevilla, Spain}
}
