@inproceedings{beetz18knowrob,
  title = {KnowRob 2.0 -- A 2nd Generation Knowledge Processing Framework for Cognition-enabled Robotic Agents},
  author  = {Michael Beetz and Daniel Be{\ss}ler and Andrei Haidu and Mihai Pomarlan and Asil Kaan Bozcuoglu and Georg Bartels},
  year = {2018},
  booktitle = {International Conference on Robotics and Automation (ICRA)},
  address = {Brisbane, Australia}
}
