@inproceedings{bessler18aamas,
   title = {OWL-enabled Assembly Planning for Robotic Agents},
   author = {Be{\ss}ler, Daniel and Pomarlan, Mihai and Beetz, Michael},
   booktitle = {Proceedings of the 2018 International Conference on Autonomous Agents},
   series = {AAMAS '18},
   year = {2018},
   address = {Stockholm, Sweden},
   note = {Finalist for the Best Robotics Paper Award.}
}
