@article{olivares19ker,
  author = {Olivares-Alarcos, Alberto and Be{\ss}ler, Daniel and Khamis, Alaa and Goncalves, Paulo and Habib, Maki and Bermejo, Julita and Barreto, Marcos and Diab, Mohammed and Rosell, Jan and Quintas, Jo\~ao and Olszewska, Joanna and Nakawala, Hirenkumar and Pignaton, Edison and Gyrard, Amelie and Borgo, Stefano and Aleny\`a, Guillem and Beetz, Michael and Li, Howard},
  title = {A Review and Comparison of Ontology-based Approaches to Robot Autonomy}, 
  journal={The Knowledge Engineering Review}, publisher={Cambridge University Press}, 
  pages={e29}, volume={34}, DOI={10.1017/S0269888919000237}, year = {2019},
}
